@article{moore2009economics,
  title={The economics of online crime},
  author={Moore, Tyler and Clayton, Richard and Anderson, Ross},
  journal={The Journal of Economic Perspectives},
  volume={23},
  number={3},
  pages={3--20},
  year={2009},
  publisher={American Economic Association}
}